
@online{_EvaluationClustering_,
  title = {Evaluation of Clustering},
  url = {https://nlp.stanford.edu/IR-book/html/htmledition/evaluation-of-clustering-1.html},
  urldate = {2020-05-26},
  keywords = {done,F measure,hot,normalized mutual information,purity,rand index}
}

@article{angriman_GuidelinesExperimentalAlgorithmics_2019,
  title = {Guidelines for {{Experimental Algorithmics}}: {{A Case Study}} in {{Network Analysis}}},
  shorttitle = {Guidelines for {{Experimental Algorithmics}}},
  author = {Angriman, Eugenio and family=Grinten, given=Alexander, prefix=van der, useprefix=true and family=Looz, given=Moritz, prefix=von, useprefix=true and Meyerhenke, Henning and N\"ollenburg, Martin and Predari, Maria and Tzovas, Charilaos},
  date = {2019-07},
  journaltitle = {Algorithms},
  volume = {12},
  pages = {127},
  publisher = {{Multidisciplinary Digital Publishing Institute}},
  doi = {10.3390/a12070127},
  url = {https://www.mdpi.com/1999-4893/12/7/127},
  urldate = {2020-04-22},
  issue = {7},
  keywords = {applied graph algorithms,experimental algorithmics,network analysis,statistical analysis of algorithms},
  langid = {english},
  number = {7}
}

@book{barabasi2016network,
  title = {Network Science},
  author = {Barab\'asi, Albert-L\'aszl\'o and P\'osfai, M\'arton},
  date = {2016},
  publisher = {{Cambridge University Press}},
  location = {{Cambridge}},
  url = {http://barabasi.com/networksciencebook/},
  added-at = {2016-10-10T20:23:59.000+0200},
  biburl = {https://www.bibsonomy.org/bibtex/22a71231091413325c03aaed76c32a66b/schmitz},
  description = {Network Science: Albert-L\'aszl\'o Barab\'asi: 9781107076266: Amazon.com: Books},
  interhash = {2dcba3ae6b58627716c5d2a63f7c0855},
  intrahash = {2a71231091413325c03aaed76c32a66b},
  isbn = {978-1-107-07626-6 1-107-07626-9},
  keywords = {done,hot,required sna snaseminar},
  refid = {958874494},
  timestamp = {2016-12-18T12:26:46.000+0100}
}

@inproceedings{baumes_FINDINGCOMMUNITIESCLUSTERING_2005,
  title = {{{FINDING COMMUNITIES BY CLUSTERING A GRAPH INTO OVERLAPPING SUBGRAPHS}}*},
  author = {Baumes, Jeffrey and Goldberg, Mark and Krishnamoorthy, Mukkai and Magdon-ismail, Malik and Preston, Nathan},
  date = {2005},
  pages = {97--104},
  url = {http://www.iadisportal.org/digital-library/finding-communities-by-clustering-a-graph-into-overlapping-subgraphs*},
  urldate = {2020-05-04},
  eventtitle = {{{IADIS International Conference Applied Computing}} 2005},
  isbn = {978-972-99353-6-7},
  keywords = {irrelevant,proposed,skimmed,topic 7}
}

@article{blondel_FastUnfoldingCommunities_2008,
  title = {Fast Unfolding of Communities in Large Networks},
  author = {Blondel, Vincent D. and Guillaume, Jean-Loup and Lambiotte, Renaud and Lefebvre, Etienne},
  date = {2008-10-09},
  journaltitle = {Journal of Statistical Mechanics: Theory and Experiment},
  shortjournal = {J. Stat. Mech.},
  volume = {2008},
  pages = {P10008},
  issn = {1742-5468},
  doi = {10.1088/1742-5468/2008/10/P10008},
  url = {http://arxiv.org/abs/0803.0476},
  urldate = {2020-05-27},
  archivePrefix = {arXiv},
  eprint = {0803.0476},
  eprinttype = {arxiv},
  keywords = {Computer Science - Computers and Society,Computer Science - Data Structures and Algorithms,Condensed Matter - Statistical Mechanics,done,hot,louvain,Physics - Physics and Society},
  langid = {english},
  number = {10}
}

@incollection{bohlin_CommunityDetectionVisualization_2014,
  title = {Community {{Detection}} and {{Visualization}} of {{Networks}} with the {{Map Equation Framework}}},
  booktitle = {Measuring {{Scholarly Impact}}},
  author = {Bohlin, Ludvig and Edler, Daniel and Lancichinetti, Andrea and Rosvall, Martin},
  editor = {Ding, Ying and Rousseau, Ronald and Wolfram, Dietmar},
  date = {2014},
  pages = {3--34},
  publisher = {{Springer International Publishing}},
  location = {{Cham}},
  doi = {10.1007/978-3-319-10377-8_1},
  url = {http://link.springer.com/10.1007/978-3-319-10377-8_1},
  urldate = {2020-05-22},
  isbn = {978-3-319-10376-1 978-3-319-10377-8},
  keywords = {done,hot,map equation,tutorial},
  langid = {english}
}

@article{cai_ComprehensiveSurveyGraph_2018,
  title = {A {{Comprehensive Survey}} of {{Graph Embedding}}: {{Problems}}, {{Techniques}} and {{Applications}}},
  shorttitle = {A {{Comprehensive Survey}} of {{Graph Embedding}}},
  author = {Cai, Hongyun and Zheng, Vincent W. and Chang, Kevin Chen-Chuan},
  date = {2018-02-02},
  url = {http://arxiv.org/abs/1709.07604},
  urldate = {2020-06-14},
  archivePrefix = {arXiv},
  eprint = {1709.07604},
  eprinttype = {arxiv},
  keywords = {Computer Science - Artificial Intelligence,hot,review,skimmed},
  primaryClass = {cs}
}

@inproceedings{cavallari_LearningCommunityEmbedding_2017,
  title = {Learning {{Community Embedding}} with {{Community Detection}} and {{Node Embedding}} on {{Graphs}}},
  booktitle = {Proceedings of the 2017 {{ACM}} on {{Conference}} on {{Information}} and {{Knowledge Management}}},
  author = {Cavallari, Sandro and Zheng, Vincent W. and Cai, Hongyun and Chang, Kevin Chen-Chuan and Cambria, Erik},
  date = {2017-11-06},
  pages = {377--386},
  publisher = {{Association for Computing Machinery}},
  location = {{Singapore, Singapore}},
  doi = {10.1145/3132847.3132925},
  url = {https://doi.org/10.1145/3132847.3132925},
  urldate = {2020-06-14},
  isbn = {978-1-4503-4918-5},
  keywords = {community embedding,graph embedding,hot,skimmed},
  series = {{{CIKM}} '17}
}

@article{clauset_FindingCommunityStructure_2004,
  title = {Finding Community Structure in Very Large Networks},
  author = {Clauset, Aaron and Newman, M. E. J. and Moore, Cristopher},
  date = {2004-12-06},
  journaltitle = {Physical Review E},
  shortjournal = {Phys. Rev. E},
  volume = {70},
  pages = {066111},
  publisher = {{American Physical Society}},
  doi = {10.1103/PhysRevE.70.066111},
  url = {https://link.aps.org/doi/10.1103/PhysRevE.70.066111},
  urldate = {2020-06-01},
  keywords = {done,hot},
  number = {6}
}

@inproceedings{creusefond_EvaluationPotentialQuality_2016,
  title = {On the {{Evaluation Potential}} of {{Quality Functions}} in {{Community Detection}} for {{Different Contexts}}},
  booktitle = {Advances in {{Network Science}}},
  author = {Creusefond, Jean and Largillier, Thomas and Peyronnet, Sylvain},
  editor = {Wierzbicki, Adam and Brandes, Ulrik and Schweitzer, Frank and Pedreschi, Dino},
  date = {2016},
  pages = {111--125},
  publisher = {{Springer International Publishing}},
  location = {{Cham}},
  doi = {10.1007/978-3-319-28361-6_9},
  isbn = {978-3-319-28361-6},
  keywords = {Community detection,done,hot,Quality functions,Social networks},
  langid = {english},
  series = {Lecture {{Notes}} in {{Computer Science}}}
}

@article{fortunato_CommunityDetectionGraphs_2010,
  title = {Community Detection in Graphs},
  author = {Fortunato, Santo},
  date = {2010-02},
  journaltitle = {Physics Reports},
  shortjournal = {Physics Reports},
  volume = {486},
  pages = {75--174},
  issn = {03701573},
  doi = {10.1016/j.physrep.2009.11.002},
  url = {http://arxiv.org/abs/0906.0612},
  urldate = {2020-05-04},
  archivePrefix = {arXiv},
  eprint = {0906.0612},
  eprinttype = {arxiv},
  keywords = {Computer Science - Information Retrieval,Condensed Matter - Statistical Mechanics,hot,Physics - Biological Physics,Physics - Computational Physics,Physics - Physics and Society,Quantitative Biology - Quantitative Methods,review,skimmed},
  number = {3-5}
}

@article{fortunato_CommunityDetectionNetworks_2016,
  title = {Community Detection in Networks: {{A}} User Guide},
  shorttitle = {Community Detection in Networks},
  author = {Fortunato, Santo and Hric, Darko},
  date = {2016-11},
  journaltitle = {Physics Reports},
  shortjournal = {Physics Reports},
  volume = {659},
  pages = {1--44},
  issn = {03701573},
  doi = {10.1016/j.physrep.2016.09.002},
  url = {http://arxiv.org/abs/1608.00163},
  urldate = {2020-04-22},
  archivePrefix = {arXiv},
  eprint = {1608.00163},
  eprinttype = {arxiv},
  keywords = {Computer Science - Information Retrieval,Computer Science - Social and Information Networks,done,hot,Physics - Physics and Society}
}

@article{fortunato_QualityFunctionsCommunity_2007,
  title = {Quality Functions in Community Detection},
  author = {Fortunato, Santo},
  date = {2007-06-07},
  pages = {660108},
  doi = {10.1117/12.726703},
  url = {http://arxiv.org/abs/0705.4445},
  urldate = {2020-06-05},
  archivePrefix = {arXiv},
  eprint = {0705.4445},
  eprinttype = {arxiv},
  keywords = {hot,Physics - Physics and Society,resolution limit,skimmed},
  primaryClass = {physics}
}

@article{girvan_CommunityStructureSocial_2002,
  title = {Community Structure in Social and Biological Networks},
  author = {Girvan, M. and Newman, M. E. J.},
  date = {2002-06-11},
  journaltitle = {Proceedings of the National Academy of Sciences},
  shortjournal = {PNAS},
  volume = {99},
  pages = {7821--7826},
  publisher = {{National Academy of Sciences}},
  issn = {0027-8424, 1091-6490},
  doi = {10.1073/pnas.122653799},
  url = {https://www.pnas.org/content/99/12/7821},
  urldate = {2020-05-04},
  eprint = {12060727},
  eprinttype = {pmid},
  keywords = {benchmark,done,hot},
  langid = {english},
  number = {12}
}

@article{goyal_GraphEmbeddingTechniques_2018,
  title = {Graph {{Embedding Techniques}}, {{Applications}}, and {{Performance}}: {{A Survey}}},
  shorttitle = {Graph {{Embedding Techniques}}, {{Applications}}, and {{Performance}}},
  author = {Goyal, Palash and Ferrara, Emilio},
  date = {2018-07},
  journaltitle = {Knowledge-Based Systems},
  shortjournal = {Knowledge-Based Systems},
  volume = {151},
  pages = {78--94},
  issn = {09507051},
  doi = {10.1016/j.knosys.2018.03.022},
  url = {http://arxiv.org/abs/1705.02801},
  urldate = {2020-06-14},
  archivePrefix = {arXiv},
  eprint = {1705.02801},
  eprinttype = {arxiv},
  keywords = {Computer Science - Machine Learning,Computer Science - Social and Information Networks,hot,Physics - Data Analysis; Statistics and Probability,review,skimmed}
}

@article{guerrero_AdaptiveCommunityDetection_2017,
  title = {Adaptive Community Detection in Complex Networks Using Genetic Algorithms},
  author = {Guerrero, Manuel and Montoya, Francisco G. and Ba\~nos, Ra\'ul and Alcayde, Alfredo and Gil, Consolaci\'on},
  date = {2017-11-29},
  journaltitle = {Neurocomputing},
  shortjournal = {Neurocomputing},
  volume = {266},
  pages = {101--113},
  issn = {0925-2312},
  doi = {10.1016/j.neucom.2017.05.029},
  url = {http://www.sciencedirect.com/science/article/pii/S0925231217308664},
  urldate = {2020-05-27},
  keywords = {Community detection,genetic algorithms,Genetic algorithms,irrelevant,Modularity,Network optimisation},
  langid = {english}
}

@article{huang_OnlineMultiresolutionCommunity_2011,
  title = {Towards {{Online Multiresolution Community Detection}} in {{Large}}-{{Scale Networks}}},
  author = {Huang, Jianbin and Sun, Heli and Liu, Yaguang and Song, Qinbao and Weninger, Tim},
  date = {2011-08-24},
  journaltitle = {PLOS ONE},
  shortjournal = {PLOS ONE},
  volume = {6},
  pages = {e23829},
  publisher = {{Public Library of Science}},
  issn = {1932-6203},
  doi = {10.1371/journal.pone.0023829},
  url = {https://journals.plos.org/plosone/article?id=10.1371/journal.pone.0023829},
  urldate = {2020-05-30},
  keywords = {Algorithms,Community structure,Internet,irrelevant,Molecular biology,Network analysis,Optimization,Protein interaction networks,quality functions,Social networks},
  langid = {english},
  number = {8}
}

@article{lancichinetti_CommunityDetectionAlgorithms_2009,
  title = {Community Detection Algorithms: A Comparative Analysis},
  shorttitle = {Community Detection Algorithms},
  author = {Lancichinetti, Andrea and Fortunato, Santo},
  date = {2009-11-30},
  journaltitle = {Physical Review E},
  shortjournal = {Phys. Rev. E},
  volume = {80},
  pages = {056117},
  issn = {1539-3755, 1550-2376},
  doi = {10.1103/PhysRevE.80.056117},
  url = {http://arxiv.org/abs/0908.1062},
  urldate = {2020-04-22},
  archivePrefix = {arXiv},
  eprint = {0908.1062},
  eprinttype = {arxiv},
  keywords = {done,hot,Physics - Computational Physics,Physics - Physics and Society},
  number = {5}
}

@article{lancichinetti_FindingStatisticallySignificant_2011,
  title = {Finding {{Statistically Significant Communities}} in {{Networks}}},
  author = {Lancichinetti, Andrea and Radicchi, Filippo and Ramasco, Jos\'e J. and Fortunato, Santo},
  editor = {Ben-Jacob, Eshel},
  date = {2011-04-29},
  journaltitle = {PLoS ONE},
  shortjournal = {PLoS ONE},
  volume = {6},
  pages = {e18961},
  issn = {1932-6203},
  doi = {10.1371/journal.pone.0018961},
  url = {https://dx.plos.org/10.1371/journal.pone.0018961},
  urldate = {2020-05-04},
  keywords = {irrelevant,proposed,topic 7},
  langid = {english},
  number = {4}
}

@article{liu_DeepLearningCommunity_2020,
  ids = {\_DeepLearningCommunity\_2020},
  title = {Deep {{Learning}} for {{Community Detection}}: {{Progress}}, {{Challenges}} and {{Opportunities}}},
  shorttitle = {Deep {{Learning}} for {{Community Detection}}},
  author = {Liu, Fanzhen and Xue, Shan and Wu, Jia and Zhou, Chuan and Hu, Wenbin and Paris, Cecile and Nepal, Surya and Yang, Jian and Yu, Philip S.},
  date = {2020-05-17},
  journaltitle = {DeepAI},
  url = {https://deepai.org/publication/deep-learning-for-community-detection-progress-challenges-and-opportunities},
  urldate = {2020-06-10},
  archivePrefix = {arXiv},
  eprint = {2005.08225},
  eprinttype = {arxiv},
  keywords = {Computer Science - Artificial Intelligence,Computer Science - Machine Learning,Computer Science - Social and Information Networks,done,hot},
  langid = {english}
}

@inproceedings{lung_ExploringMapEquation_2019,
  title = {Exploring the {{Map Equation}}: {{Community Structure Detection}} in {{Unweighted}}, {{Undirected Networks}}},
  shorttitle = {Exploring the {{Map Equation}}},
  booktitle = {Recent {{Advances}} in {{Soft Computing}}},
  author = {Lung, Rodica Ioana and Suciu, Mihai-Alexandru and Gask\'o, No\'emi},
  editor = {Matou\v{s}ek, Radek},
  date = {2019},
  pages = {245--253},
  publisher = {{Springer International Publishing}},
  location = {{Cham}},
  doi = {10.1007/978-3-319-97888-8_21},
  isbn = {978-3-319-97888-8},
  keywords = {Community structure,done,Infomap,irrelevant,Social networks,Unweighted graphs},
  langid = {english},
  series = {Advances in {{Intelligent Systems}} and {{Computing}}}
}

@inproceedings{pennington_GloveGlobalVectors_2014,
  title = {Glove: {{Global Vectors}} for {{Word Representation}}},
  shorttitle = {Glove},
  booktitle = {Proceedings of the 2014 {{Conference}} on {{Empirical Methods}} in {{Natural Language Processing}} ({{EMNLP}})},
  author = {Pennington, Jeffrey and Socher, Richard and Manning, Christopher},
  date = {2014},
  pages = {1532--1543},
  publisher = {{Association for Computational Linguistics}},
  location = {{Doha, Qatar}},
  doi = {10.3115/v1/D14-1162},
  url = {http://aclweb.org/anthology/D14-1162},
  urldate = {2020-06-06},
  eventtitle = {Proceedings of the 2014 {{Conference}} on {{Empirical Methods}} in {{Natural Language Processing}} ({{EMNLP}})},
  keywords = {done,hot},
  langid = {english}
}

@article{perozzi_DeepWalkOnlineLearning_2014,
  title = {{{DeepWalk}}: {{Online Learning}} of {{Social Representations}}},
  shorttitle = {{{DeepWalk}}},
  author = {Perozzi, Bryan and Al-Rfou, Rami and Skiena, Steven},
  date = {2014},
  journaltitle = {Proceedings of the 20th ACM SIGKDD international conference on Knowledge discovery and data mining - KDD '14},
  pages = {701--710},
  doi = {10.1145/2623330.2623732},
  url = {http://arxiv.org/abs/1403.6652},
  urldate = {2020-06-14},
  archivePrefix = {arXiv},
  eprint = {1403.6652},
  eprinttype = {arxiv},
  keywords = {Computer Science - Machine Learning,Computer Science - Social and Information Networks,H.2.8,hot,I.2.6,I.5.1,skimmed}
}

@inproceedings{pizzuti_CommunityDetectionSocial_2008,
  title = {Community Detection in Social Networks with Genetic Algorithms},
  booktitle = {Proceedings of the 10th Annual Conference on {{Genetic}} and Evolutionary Computation - {{GECCO}} '08},
  author = {Pizzuti, Clara},
  date = {2008},
  pages = {1137},
  publisher = {{ACM Press}},
  location = {{Atlanta, GA, USA}},
  doi = {10.1145/1389095.1389316},
  url = {http://portal.acm.org/citation.cfm?doid=1389095.1389316},
  urldate = {2020-05-27},
  eventtitle = {The 10th Annual Conference},
  isbn = {978-1-60558-130-9},
  keywords = {genetic algorithms,irrelevant},
  langid = {english}
}

@article{raghavan_LinearTimeAlgorithm_2007,
  title = {Near Linear Time Algorithm to Detect Community Structures in Large-Scale Networks},
  author = {Raghavan, Usha Nandini and Albert, Reka and Kumara, Soundar},
  date = {2007-09-11},
  journaltitle = {Physical Review E},
  shortjournal = {Phys. Rev. E},
  volume = {76},
  pages = {036106},
  issn = {1539-3755, 1550-2376},
  doi = {10.1103/PhysRevE.76.036106},
  url = {http://arxiv.org/abs/0709.2938},
  urldate = {2020-06-05},
  archivePrefix = {arXiv},
  eprint = {0709.2938},
  eprinttype = {arxiv},
  keywords = {hot,label propagation,Physics - Physics and Society,skimmed},
  langid = {english},
  number = {3}
}

@online{rita_InfomapAlgorithm_2020,
  title = {Infomap {{Algorithm}}},
  author = {Rita, Lu\'is},
  date = {2020-04-12T17:18:16.846Z},
  journaltitle = {Medium},
  url = {https://towardsdatascience.com/infomap-algorithm-9b68b7e8b86},
  urldate = {2020-05-22},
  keywords = {done,hot},
  langid = {english}
}

@article{rosvall_MapEquation_2009,
  title = {The Map Equation},
  author = {Rosvall, M. and Axelsson, D. and Bergstrom, C. T.},
  date = {2009-11},
  journaltitle = {The European Physical Journal Special Topics},
  shortjournal = {Eur. Phys. J. Spec. Top.},
  volume = {178},
  pages = {13--23},
  issn = {1951-6355, 1951-6401},
  doi = {10.1140/epjst/e2010-01179-1},
  url = {http://link.springer.com/10.1140/epjst/e2010-01179-1},
  urldate = {2020-05-22},
  keywords = {done,hot,map equation},
  langid = {english},
  number = {1}
}

@article{rosvall_MapsRandomWalks_2008,
  title = {Maps of Random Walks on Complex Networks Reveal Community Structure},
  author = {Rosvall, M. and Bergstrom, C. T.},
  date = {2008-01-29},
  journaltitle = {Proceedings of the National Academy of Sciences},
  shortjournal = {Proceedings of the National Academy of Sciences},
  volume = {105},
  pages = {1118--1123},
  issn = {0027-8424, 1091-6490},
  doi = {10.1073/pnas.0706851105},
  url = {http://www.pnas.org/cgi/doi/10.1073/pnas.0706851105},
  urldate = {2020-05-22},
  keywords = {done,hot,map equation},
  langid = {english},
  number = {4}
}

@inproceedings{rozemberczki_GEMSECGraphEmbedding_2019,
  title = {{{GEMSEC}}: Graph Embedding with Self Clustering},
  shorttitle = {{{GEMSEC}}},
  booktitle = {Proceedings of the 2019 {{IEEE}}/{{ACM International Conference}} on {{Advances}} in {{Social Networks Analysis}} and {{Mining}}},
  author = {Rozemberczki, Benedek and Davies, Ryan and Sarkar, Rik and Sutton, Charles},
  date = {2019-08-27},
  pages = {65--72},
  publisher = {{Association for Computing Machinery}},
  location = {{Vancouver, British Columbia, Canada}},
  doi = {10.1145/3341161.3342890},
  url = {https://doi.org/10.1145/3341161.3342890},
  urldate = {2020-06-14},
  isbn = {978-1-4503-6868-1},
  keywords = {clustering,community detection,feature extraction,graph embedding,hot,network embedding,node embedding,skimmed},
  series = {{{ASONAM}} '19}
}

@article{schaub_ManyFacetsCommunity_2017,
  title = {The Many Facets of Community Detection in Complex Networks},
  author = {Schaub, Michael T. and Delvenne, Jean-Charles and Rosvall, Martin and Lambiotte, Renaud},
  date = {2017-12},
  journaltitle = {Applied Network Science},
  shortjournal = {Appl Netw Sci},
  volume = {2},
  pages = {4},
  issn = {2364-8228},
  doi = {10.1007/s41109-017-0023-6},
  url = {http://appliednetsci.springeropen.com/articles/10.1007/s41109-017-0023-6},
  urldate = {2020-05-04},
  keywords = {different models,done,hot,review},
  langid = {english},
  number = {1}
}

@article{tasgin_CommunityDetectionComplex_2007,
  title = {Community {{Detection}} in {{Complex Networks Using Genetic Algorithms}}},
  author = {Tasgin, Mursel and Herdagdelen, Amac and Bingol, Haluk},
  date = {2007-11-03},
  url = {http://arxiv.org/abs/0711.0491},
  urldate = {2020-05-27},
  archivePrefix = {arXiv},
  eprint = {0711.0491},
  eprinttype = {arxiv},
  keywords = {genetic algorithms,irrelevant,Physics - Physics and Society},
  primaryClass = {physics}
}

@article{waltman_SmartLocalMoving_2013,
  title = {A Smart Local Moving Algorithm for Large-Scale Modularity-Based Community Detection},
  author = {Waltman, Ludo and family=Eck, given=Nees Jan, prefix=van, useprefix=true},
  date = {2013-11-13},
  journaltitle = {The European Physical Journal B},
  shortjournal = {Eur. Phys. J. B},
  volume = {86},
  pages = {471},
  issn = {1434-6036},
  doi = {10.1140/epjb/e2013-40829-0},
  url = {https://doi.org/10.1140/epjb/e2013-40829-0},
  urldate = {2020-05-27},
  keywords = {done,hot},
  langid = {english},
  number = {11}
}

@article{yang_StructureOverlapsGroundTruth_2014,
  title = {Structure and {{Overlaps}} of {{Ground}}-{{Truth Communities}} in {{Networks}}},
  author = {Yang, Jaewon and Leskovec, Jure},
  date = {2014-04-30},
  journaltitle = {ACM Transactions on Intelligent Systems and Technology},
  shortjournal = {ACM Trans. Intell. Syst. Technol.},
  volume = {5},
  pages = {26:1--26:35},
  issn = {2157-6904},
  doi = {10.1145/2594454},
  url = {https://doi.org/10.1145/2594454},
  urldate = {2020-05-04},
  keywords = {affiliation networks,community overlap,irrelevant,model,Network communities,skimmed,social networks},
  number = {2}
}

@inproceedings{zeng_DistributedInfomapAlgorithm_2018,
  title = {A {{Distributed Infomap Algorithm}} for {{Scalable}} and {{High}}-{{Quality Community Detection}}},
  booktitle = {Proceedings of the 47th {{International Conference}} on {{Parallel Processing}}},
  author = {Zeng, Jianping and Yu, Hongfeng},
  date = {2018-08-13},
  pages = {1--11},
  publisher = {{ACM}},
  location = {{Eugene OR USA}},
  doi = {10.1145/3225058.3225137},
  url = {https://dl.acm.org/doi/10.1145/3225058.3225137},
  urldate = {2020-05-31},
  eventtitle = {{{ICPP}} 2018: 47th {{International Conference}} on {{Parallel Processing}}},
  isbn = {978-1-4503-6510-9},
  keywords = {done,hot,infomap},
  langid = {english}
}


@article{angriman_GuidelinesExperimentalAlgorithmics_2019,
  title = {Guidelines for {{Experimental Algorithmics}}: {{A Case Study}} in {{Network Analysis}}},
  shorttitle = {Guidelines for {{Experimental Algorithmics}}},
  author = {Angriman, Eugenio and family=Grinten, given=Alexander, prefix=van der, useprefix=true and family=Looz, given=Moritz, prefix=von, useprefix=true and Meyerhenke, Henning and N\"ollenburg, Martin and Predari, Maria and Tzovas, Charilaos},
  date = {2019-07},
  journaltitle = {Algorithms},
  volume = {12},
  pages = {127},
  publisher = {{Multidisciplinary Digital Publishing Institute}},
  doi = {10.3390/a12070127},
  url = {https://www.mdpi.com/1999-4893/12/7/127},
  urldate = {2020-04-22},
  issue = {7},
  keywords = {applied graph algorithms,experimental algorithmics,network analysis,statistical analysis of algorithms},
  langid = {english},
  number = {7}
}

@article{newman_FindingEvaluatingCommunity_2004,
  title = {Finding and Evaluating Community Structure in Networks},
  author = {Newman, M. E. J. and Girvan, M.},
  date = {2004-02-26},
  journaltitle = {Physical Review E},
  shortjournal = {Phys. Rev. E},
  volume = {69},
  pages = {026113},
  issn = {1539-3755, 1550-2376},
  doi = {10.1103/PhysRevE.69.026113},
  url = {http://arxiv.org/abs/cond-mat/0308217},
  urldate = {2020-06-14},
  archivePrefix = {arXiv},
  eprint = {cond-mat/0308217},
  eprinttype = {arxiv},
  keywords = {Condensed Matter - Disordered Systems and Neural Networks,Condensed Matter - Statistical Mechanics},
  number = {2}
}

@article{newman_ModularityCommunityStructure_2006,
  title = {Modularity and Community Structure in Networks},
  author = {Newman, M. E. J.},
  date = {2006-06-06},
  journaltitle = {Proceedings of the National Academy of Sciences of the United States of America},
  shortjournal = {Proc Natl Acad Sci U S A},
  volume = {103},
  pages = {8577--8582},
  issn = {0027-8424},
  doi = {10.1073/pnas.0601602103},
  url = {https://www.ncbi.nlm.nih.gov/pmc/articles/PMC1482622/},
  urldate = {2020-06-14},
  eprint = {16723398},
  eprinttype = {pmid},
  number = {23},
  pmcid = {PMC1482622}
}



@incollection{mikolov_DistributedRepresentationsWords_2013,
  title = {Distributed {{Representations}} of {{Words}} and {{Phrases}} and Their {{Compositionality}}},
  booktitle = {Advances in {{Neural Information Processing Systems}} 26},
  author = {Mikolov, Tomas and Sutskever, Ilya and Chen, Kai and Corrado, Greg S and Dean, Jeff},
  editor = {Burges, C. J. C. and Bottou, L. and Welling, M. and Ghahramani, Z. and Weinberger, K. Q.},
  date = {2013},
  pages = {3111--3119},
  publisher = {{Curran Associates, Inc.}},
  url = {http://papers.nips.cc/paper/5021-distributed-representations-of-words-and-phrases-and-their-compositionality.pdf},
  urldate = {2020-06-14}
}

@article{mikolov_EfficientEstimationWord_2013,
  title = {Efficient {{Estimation}} of {{Word Representations}} in {{Vector Space}}},
  author = {Mikolov, Tomas and Chen, Kai and Corrado, Greg and Dean, Jeffrey},
  date = {2013-09-06},
  url = {http://arxiv.org/abs/1301.3781},
  urldate = {2020-06-14},
  archivePrefix = {arXiv},
  eprint = {1301.3781},
  eprinttype = {arxiv},
  keywords = {Computer Science - Computation and Language,done,hot},
  primaryClass = {cs}
}


@article{alvarez_ReviewWordEmbedding_,
  title = {A Review of Word Embedding and Document Similarity Algorithms Applied to Academic Text},
  author = {Alvarez, Jon Ezeiza and Bast, Dr Hannah},
  pages = {90},
  langid = {english}
}

@inproceedings{mikolov_DistributedRepresentationsWords_2013a,
  ids = {NIPS2013\_5021},
  title = {Distributed Representations of Words and Phrases and Their Compositionality},
  booktitle = {Advances in Neural Information Processing Systems 26},
  author = {Mikolov, Tomas and Sutskever, Ilya and Chen, Kai and Corrado, Greg S and Dean, Jeff},
  date = {2013},
  pages = {3111--3119},
  publisher = {{Curran Associates, Inc.}},
  url = {http://papers.nips.cc/paper/5021-distributed-representations-of-words-and-phrases-and-their-compositionality.pdf},
  eventtitle = {Neural {{Information Processing Systems}} ({{NIPS}})},
  keywords = {done,hot},
  langid = {english}
}









